@inproceedings{leetaru2013gdelt,
  title={GDELT: Global data on events, location, and tone},
  author={Leetaru, Kalev and Schrodt, Philip},
  booktitle={ISA Annual Convention},
  year={2013}
}
@article{mcqueen1993stock,
  title={Stock prices, news, and business conditions},
  author={McQueen, Grant and Roley, V Vance},
  journal={Review of financial studies},
  volume={6},
  number={3},
  pages={683--707},
  year={1993},
  publisher={Soc Financial Studies}
}
@inproceedings{kamruzzaman2003svm,
  title={SVM based models for predicting foreign currency exchange rates},
  author={Kamruzzaman, Joarder and Sarker, Ruhul and Ahmad, Iftekhar and others},
  booktitle={Data Mining, 2003. ICDM 2003. Third IEEE International Conference on},
  pages={557--560},
  year={2003},
  organization={IEEE}
}
@techreport{forex_neuralnets,
	title={Forecasting Foreign Exchange Rates with Neural Networks},
	author={Simon, Eric},
	year={2002},
	institution={Swiss Federal Institute of Technology}
}
@article{phua2014visual,
  title={Visual and Predictive Analytics on Singapore News: Experiments on GDELT, Wikipedia, and\^{} STI},
  author={Phua, Clifton and Feng, Yuzhang and Ji, Junyao and Soh, Timothy},
  journal={arXiv preprint arXiv:1404.1996},
  year={2014}
}
@techreport{chen2008can,
  title={Can exchange rates forecast commodity prices?},
  author={Chen, Yu-Chin and Rogoff, Kenneth and Rossi, Barbara},
  year={2008},
  institution={National Bureau of Economic Research}
}
@article{schumaker2009textual,
  title={Textual analysis of stock market prediction using breaking financial news: The AZFin text system},
  author={Schumaker, Robert P and Chen, Hsinchun},
  journal={ACM Transactions on Information Systems (TOIS)},
  volume={27},
  number={2},
  pages={12},
  year={2009},
  publisher={ACM}
}
@article{gidofalvi2001using,
  title={Using news articles to predict stock price movements},
  author={Gid{\'o}falvi, Gy{\H{o}}z{\H{o}} and Elkan, Charles},
  journal={Department of Computer Science and Engineering, University of California, San Diego},
  year={2001}
}
@article{bollen2011twitter,
  title={Twitter mood predicts the stock market},
  author={Bollen, Johan and Mao, Huina and Zeng, Xiaojun},
  journal={Journal of Computational Science},
  volume={2},
  number={1},
  pages={1--8},
  year={2011},
  publisher={Elsevier}
}
@inproceedings{hagenau2012automated,
  title={Automated news reading: Stock price prediction based on financial news using context-specific features},
  author={Hagenau, Michael and Liebmann, Michael and Hedwig, Markus and Neumann, Dirk},
  booktitle={System Science (HICSS), 2012 45th Hawaii International Conference on},
  pages={1040--1049},
  year={2012},
  organization={IEEE}
}
@article{van2008visualizing,
  title={Visualizing data using t-SNE},
  author={Van der Maaten, Laurens and Hinton, Geoffrey},
  journal={Journal of Machine Learning Research},
  volume={9},
  number={2579-2605},
  pages={85},
  year={2008}
}